<record><leader>00000cas a22000007a 4500</leader><controlfield tag="001">29502010</controlfield><controlfield tag="008">931215d19061906okuwr ne      0    0eng d</controlfield><datafield ind1=" " ind2=" " tag="010"><subfield code="a">sn 93066259 </subfield></datafield><datafield ind1=" " ind2=" " tag="040"><subfield code="a">OBN</subfield><subfield code="b">eng</subfield><subfield code="c">OBN</subfield><subfield code="d">OCL</subfield><subfield code="d">OCLCQ</subfield></datafield><datafield ind1=" " ind2=" " tag="042"><subfield code="a">msc</subfield></datafield><datafield ind1="0" ind2=" " tag="130"><subfield code="a">Post-herald (Hollis, Okla.)</subfield></datafield><datafield ind1="1" ind2="4" tag="245"><subfield code="a">The Post-herald.</subfield></datafield><datafield ind1=" " ind2=" " tag="260"><subfield code="a">Hollis, Okla. :</subfield><subfield code="b">J.B. Randle</subfield></datafield><datafield ind1=" " ind2=" " tag="300"><subfield code="a">v.</subfield></datafield><datafield ind1=" " ind2=" " tag="310"><subfield code="a">Weekly</subfield></datafield><datafield ind1="0" ind2=" " tag="362"><subfield code="a">Vol. 3, no. 35 (Feb. 8, 1906)-v. 3, no. 37 (Feb. 22, 1906).</subfield></datafield><datafield ind1=" " ind2="4" tag="651"><subfield code="a">Hollis (Okla.)</subfield><subfield code="v">Newspapers.</subfield></datafield><datafield ind1=" " ind2="4" tag="651"><subfield code="a">Harmon County (Okla.)</subfield><subfield code="v">Newspapers.</subfield></datafield><datafield ind1=" " ind2=" " tag="752"><subfield code="a">United States</subfield><subfield code="b">Oklahoma</subfield><subfield code="c">Harmon</subfield><subfield code="d">Hollis.</subfield></datafield><datafield ind1="0" ind2="4" tag="780"><subfield code="t">Hollis herald</subfield><subfield code="w">(DLC)sn 93066257</subfield><subfield code="w">(OCoLC)29501877</subfield></datafield><datafield ind1="0" ind2="4" tag="780"><subfield code="t">Hollis post</subfield><subfield code="w">(DLC)sn 93066258</subfield><subfield code="w">(OCoLC)29501963</subfield></datafield><datafield ind1="0" ind2="0" tag="785"><subfield code="t">Hollis post-herald (Hollis, Okla. : 1906)</subfield><subfield code="w">(DLC)sn 93066260</subfield><subfield code="w">(OCoLC)29502157</subfield></datafield><datafield ind1="1" ind2=" " tag="029"><subfield code="a">AU@</subfield><subfield code="b">000010738249</subfield></datafield></record>